@article{LiSelig1998,
	author  = {Li, Duo and Selig, E. T.},
	title   = {Method for Railroad Track Foundation Design. I: Development},
	journal = {Journal of Geotechnical and Geoenvironmental Engineering},
	volume  = {124},
	number  = {4},
	pages   = {316--322},
	year    = {1998},
	publisher = {American Society of Civil Engineers},
	doi     = {},
	url     = {https://trid.trb.org/view/485957}
}
@misc{ukgov_noise_insulation_1996,
	author = {{UK Government}},
	title = {The Noise Insulation (Railways and Other Guided Transport Systems) Regulations},
	year = {1996},
	howpublished = {\url{http://www.legislation.gov.uk/uksi/1996/428/made}},
	note = {UK Statutory Instruments, 1996 No. 428}
}
